@misc{latexbib,
  title = {Latex Bibliography Management},
  author = {Wikibooks},
  year =  {2017},
  url = {https://en.wikibooks.org/wiki/LaTeX/Bibliography_Management},
  note = {abgerufen am 2. Mai 2017}
}

@book{praxisbuch2017,
   author = {Brenner, Michael and Nils {gentschen Felde} and Wolfgang Hommel and Stefan Metzger and Helmut Reiser and Thomas Schaaf},
   title = {Praxisbuch ISO-IEC 27001: Management der Informationssicherheit und Vorbereitung auf die Zertifizierung},
   publisher = {Hanser},
   edition = {2. Auflage},
   year = 2017,
   month = apr
}
